@online{WinNT,
  author = {NVIDIA},
  title = {CUDA documentation},
  url = {https://docs.nvidia.com/cuda/},
  urldate = {2021-12}
}

@online{WinNT1,
  author = {Cppreference},
  title = {CUDA documentation},
  url = {https://en.cppreference.com/w/},
  urldate = {2021-12}
}

@online{WinNT2,
  author = {Paul Macklin},
  title = {EasyBMP documentation},
  url = {http://easybmp.sourceforge.net},
  urldate = {2021-12}
}

